@misc{andrews2010fastqc,
  title={FastQC: a quality control tool for high throughput sequence data},
  author={Andrews, Simon and others},
  year={2010},
  publisher={Babraham Bioinformatics, Babraham Institute, Cambridge, United Kingdom}
}

@article{chen2018fastp,
  title={fastp: an ultra-fast all-in-one FASTQ preprocessor},
  author={Chen, Shifu and Zhou, Yanqing and Chen, Yaru and Gu, Jia},
  journal={Bioinformatics},
  volume={34},
  number={17},
  pages={i884--i890},
  year={2018},
  publisher={Oxford University Press}
}

@article{ewels2016multiqc,
  title={MultiQC: summarize analysis results for multiple tools and samples in a single report},
  author={Ewels, Philip and Magnusson, M{\aa}ns and Lundin, Sverker and K{\"a}ller, Max},
  journal={Bioinformatics},
  volume={32},
  number={19},
  pages={3047--3048},
  year={2016},
  publisher={Oxford University Press}
}

@article{shen2016seqkit,
  title={SeqKit: a cross-platform and ultrafast toolkit for FASTA/Q file manipulation},
  author={Shen, Wei and Le, Shuai and Li, Yan and Hu, Fuquan},
  journal={PloS one},
  volume={11},
  number={10},
  pages={e0163962},
  year={2016},
  publisher={Public Library of Science San Francisco, CA USA}
}