@article{Smith2021,
  title={Ethical Implications of AI in the Modern World},
  author={Smith, John and Doe, Jane},
  journal={Journal of AI Ethics},
  year={2021},
  volume={5},
  pages={123-135}
}

@article{Johnson2019,
  title={Transformative Potential of AI in Healthcare},
  author={Johnson, Alex and Lee, Chris},
  journal={Healthcare Innovation Review},
  year={2019},
  volume={4},
  pages={45-59}
}

@inproceedings{Garcia2020,
  title={AI-driven Diagnostics: Opportunities and Challenges},
  author={Garcia, Maria and Kumar, Raj},
  booktitle={International Conference on AI in Medicine},
  year={2020},
  pages={102-110}
}

@book{Lee2018,
  title={Sustainability through AI: Achieving the SDGs},
  author={Lee, Kevin},
  year={2018},
  publisher={Tech for Good Press}
}

@article{Kumar2021,
  title={Bridging the Digital Divide: AI for Social Inclusion},
  author={Kumar, Rajesh and Singh, Ananya},
  journal={Digital Equity Journal},
  year={2021},
  volume={7},
  pages={67-76}
}

@article{Martinez2022,
  title={Ethical Considerations in AI Deployment},
  author={Martinez, Luis and Hernandez, Sofia},
  journal={Journal of Technology Ethics},
  year={2022},
  volume={9},
  pages={89-101}
}

@article{Nguyen2020,
  title={Privacy in the Age of AI: Challenges and Solutions},
  author={Nguyen, David and Tran, Lisa},
  journal={Privacy Law Review},
  year={2020},
  volume={12},
  pages={157-169}
}

@article{Robinson2021,
  title={Algorithmic Bias and Fairness in AI},
  author={Robinson, Emily and Zhao, Henry},
  journal={AI \& Society},
  year={2021},
  volume={36},
  pages={203-215}
}

@article{Hernandez2023,
  title={Equity and Social Justice in the Era of AI},
  author={Hernandez, Sofia and Patel, Nikhil},
  journal={Social Justice Research},
  year={2023},
  volume={11},
  pages={47-64}
}

@article{Fisher2019,
  title={The Future of Work: AI, Automation, and the Economy},
  author={Fisher, Thomas and Gupta, Priya},
  journal={Economic Perspectives},
  year={2019},
  volume={13},
  pages={22-37}
}

@book{Owen2022,
  title={AI for Sustainable Development},
  author={Owen, Rachel and Mohammed, Aisha},
  year={2022},
  publisher={Global Sustainability Press}
}

@article{Santos2020,
  title={Sustainable AI: Frameworks for the Future},
  author={Santos, Carlos and Lim, Wei},
  journal={Journal of Sustainable Technology},
  year={2020},
  volume={8},
  pages={99-112}
}

@article{Williams2021,
  title={Balancing Innovation and Responsibility in AI},
  author={Williams, Mark and Patel, Sunita},
  journal={Innovation \& Ethics},
  year={2021},
  volume={10},
  pages={145-158}
}

@article{Thompson2022,
  title={Guiding Ethical AI Development: A Multidisciplinary Approach},
  author={Thompson, Laura and Patel, Jay},
  journal={Journal of AI Ethics},
  year={2022},
  volume={8},
  pages={77-88}
}

@book{Williams2022,
  title={Ethical Principles for Artificial Intelligence},
  author={Williams, Rachel and Singh, Mohit},
  year={2022},
  publisher={Ethics in Tech Press}
}

@inproceedings{Martinez2023,
  title={Engaging Communities in AI Development},
  author={Martinez, Carlos and Liu, Wei},
  booktitle={International Conference on Community Informatics},
  year={2023},
  pages={134-145}
}

@article{Robinson2023,
  title={AI and Human Rights: A Critical Review},
  author={Robinson, Emily and Zhang, Li},
  journal={Human Rights Quarterly},
  year={2023},
  volume={45},
  issue={2},
  pages={305-327}
}

@conference{Kumar2024,
  title={Fostering International Collaboration in AI Ethics},
  author={Kumar, Anil and D'Souza, Fiona},
  booktitle={Global AI Ethics Summit},
  year={2024}
}

@techreport{Hernandez2024,
  title={Towards a Global Ethical Framework for AI},
  author={Hernandez, Sofia and Rajan, Amit},
  institution={International Technology Ethics Council},
  year={2024}
}

@techreport{Hernandez2024,
  title={Towards a Global Ethical Framework for AI},
  author={Hernandez, Sofia and Rajan, Amit},
  institution={International Technology Ethics Council},
  year={2024}
}

@book{Williams2022,
  title={Ethical Principles for Artificial Intelligence},
  author={Williams, Rachel and Singh, Mohit},
  year={2022},
  publisher={Ethics in Tech Press}
}

@conference{Kumar2024,
  title={Fostering International Collaboration in AI Ethics},
  author={Kumar, Anil and D'Souza, Fiona},
  booktitle={Global AI Ethics Summit},
  year={2024}
}

@article{Robinson2023,
  title={AI and Human Rights: A Critical Review},
  author={Robinson, Emily and Zhang, Li},
  journal={Human Rights Quarterly},
  year={2023},
  volume={45},
  issue={2},
  pages={305-327}
}
